@article{example2021,
	author="John doe",
	title="An placeholder latex citation",
	date="2019-08-05",
	publisher="Random pulisher",
	url="https://example.org",
}
